@article{fayyad1996,
	author = "Fayyad, Usama and Piatetsky-Shapiro, Gregory and Smyth, Padhraic",
	title = "From Data Mining to Knowledge Discovery in Databases",
	year = "1996",
	journal = "AI Magazine",
}

@article{moro2016,
	author = "S, Moro and P, Rita and B, Vala",
	title = "Predicting social media performance metrics and evaluation of the impact on brand building: A data mining approach",
	year = "2016",
	journal = "Journal of Business Research",
}