@book{codebreakers,
	title = {The Codebreakers â€“ The Story of Secret Writing},
	author = {David Kahn},
	publisher = {Scribner},
	year = {1996}
}